@article {MR0385028,
    AUTHOR = {Li, Tien Yien and Yorke, James A.},
     TITLE = {Period three implies chaos},
   JOURNAL = {Amer. Math. Monthly},
  FJOURNAL = {The American Mathematical Monthly},
    VOLUME = {82},
      YEAR = {1975},
    NUMBER = {10},
     PAGES = {985--992},
      ISSN = {0002-9890},
   MRCLASS = {26A18},
  MRNUMBER = {0385028},
MRREVIEWER = {B. Crstici},
}

@article {MR1989572,
    AUTHOR = {Aulbach, Bernd and Kieninger, Bernd},
     TITLE = {On three definitions of chaos},
   JOURNAL = {Nonlinear Dyn. Syst. Theory},
  FJOURNAL = {Nonlinear Dynamics and Systems Theory. An International
              Journal of Research and Surveys},
    VOLUME = {1},
      YEAR = {2001},
    NUMBER = {1},
     PAGES = {23--37},
      ISSN = {1562-8353},
   MRCLASS = {37B05 (37D45 37E05)},
  MRNUMBER = {1989572},
MRREVIEWER = {Sergiy F. Kolyada},
}

@preamble{
   "\def\cprime{$'$} "
}
@article {MR0159905,
    AUTHOR = {{\v{S}}arkovs{\cprime}ki{\u\i}, O. M.},
     TITLE = {Co-existence of cycles of a continuous mapping of the line
              into itself},
   JOURNAL = {Ukrain. Mat. \u Z.},
  FJOURNAL = {Akademiya Nauk Ukrainsko\u\i\ SSR. Institut Matematiki.
              Ukrainski\u\i\ Matematicheski\u\i\ Zhurnal},
    VOLUME = {16},
      YEAR = {1964},
     PAGES = {61--71},
      ISSN = {0041-6053},
   MRCLASS = {26.99 (57.48)},
  MRNUMBER = {0159905},
MRREVIEWER = {M. Kuczma},
}

@article {MR1157223,
    AUTHOR = {Banks, J. and Brooks, J. and Cairns, G. and Davis, G. and
              Stacey, P.},
     TITLE = {On {D}evaney's definition of chaos},
   JOURNAL = {Amer. Math. Monthly},
  FJOURNAL = {The American Mathematical Monthly},
    VOLUME = {99},
      YEAR = {1992},
    NUMBER = {4},
     PAGES = {332--334},
      ISSN = {0002-9890},
     CODEN = {AMMYAE},
   MRCLASS = {54H20 (58F13)},
  MRNUMBER = {1157223},
MRREVIEWER = {J. E. Keesling},
       DOI = {10.2307/2324899},
       URL = {http://dx.doi.org/10.2307/2324899},
}

@ARTICLE{Sharkovsky:2008,
AUTHOR = {Sharkovsky, A. Nikolayevich},
TITLE   = {{S}harkovsky ordering},
YEAR	= 2008,
JOURNAL	= {Scholarpedia},
VOLUME  = 3,
NUMBER  = 5,
PAGES   = 1680,
NOTE   = {{revision \#91762}},
}
