@article {JGT:JGT3190190304,
    author = {McKay, Brendan D. and Radziszowski, Stanislaw P.},
    title = {R(4, 5) = 25},
    journal = {Journal of Graph Theory},
    volume = {19},
    number = {3},
    publisher = {Wiley Subscription Services, Inc., A Wiley Company},
    issn = {1097-0118},
    url = {http://dx.doi.org/10.1002/jgt.3190190304},
    doi = {10.1002/jgt.3190190304},
    pages = {309--322},
    year = {1995},
}
