@MISC{haskell2010,
    author = {Simon Marlow},
    title = {Haskell 2010 Language Report},
    year = {2010}
}

@inproceedings{gowland2000correctness,
	title={The correctness of an implementation of exact arithmetic},
	author={Gowland, P and Lester, D},
	booktitle={4th Conference on Real Numbers and Computers, 2000, Dagstuhl, 125},
	volume={140},
	year={2000}
}

@book{simpson2009subsystems,
	title={Subsystems of second order arithmetic},
	author={Simpson, Stephen George},
	volume={1},
	year={2009},
	publisher={Cambridge University Press}
}

@article{turing1936computable,
    title={On computable numbers, with an application to the {Entscheidungsproblem}},
    author={Turing, Alan Mathison},
    journal={J. of Math},
    volume={58},
    number={345-363},
    pages={5},
    year={1936}
}
